@conference{Zaffalon01,
	author = "Marco Zaffalon",
	title  = "Statistical inference of the naive credal classifier",
	year   = 2001,
	address= "New York",
	series = "2nd International Symposium on Imprecise Probabilities and Their Applications"
}

@article { Rosario04,
  journal = "Information Visualization",
  author = "Geraldine E Rosario and Elke A Rundensteiner and David C Brown and Matthew O Ward and Shiping Huang",
  title = "Mapping nominal values to numbers for effective visualization",
  pages = "80",
  volume = "3",
  year = "2004",
}

@book{Manning08,
	author = {Manning, Christopher D. and Raghavan, Prabhakar and Sch\"{u}tze, Hinrich},
	title = {Introduction to Information Retrieval},
	year = {2008},
	isbn = {0521865719, 9780521865715},
	publisher = {Cambridge University Press},
	address = {New York, NY, USA},
} 

@article{Bayes63,
	author = {Bayes, T.},
	journal = {Phil. Trans. of the Royal Soc. of London},
	pages = {370--418},
	title = {An essay towards solving a problem in the doctrine of chances},
	volume = 53,
	year = 1763
}

@book {Michie94,
	author = "D. Michie and D. J. Spiegelhalter and C. C. Taylor",
	title = {Machine Learning, Neural and Statistical Classification},
    year = 1994
}

@phdthesis {Pozzolo15,
	author = "Andrea Dal Pozzolo",
	title = "Adaptive Machine Learning for Credit Card Fraud Detection",
	year = 2015,
	school = "Université Libre de Bruxelles"
}

@artivle{Lidstone20,
	author = {Lidstone},
	year = {1920},
	title = {Note on the general case of the Bayes-Laplace formula for inductive or a posteriori probabilities},
	journal = {Transactions of the Faculty of Actuaries},
	volume = 8,
	pages = {182--192}
}

@inproceedings{Chen96,
 author = {Chen, Stanley F. and Goodman, Joshua},
 title = {An Empirical Study of Smoothing Techniques for Language Modeling},
 booktitle = {Proceedings of the 34th Annual Meeting on Association for Computational Linguistics},
 series = {ACL '96},
 year = {1996},
 location = {Santa Cruz, California},
 pages = {310--318},
 numpages = {9},
 url = {http://dx.doi.org/10.3115/981863.981904},
 doi = {10.3115/981863.981904},
 acmid = {981904},
 publisher = {Association for Computational Linguistics},
 address = {Stroudsburg, PA, USA},
} 

@article{Gerlein16,
	author = {Gerlein, Eduardo A. and McGinnity, Martin and Belatreche, Ammar and Coleman, Sonya},
	title = {Evaluating Machine Learning Classification for Financial Trading},
	journal = {Expert Syst. Appl.},
	volume = 54,
	number = {C},
	month = jul,
	year = 2016,
	pages = {193--207},
	publisher = {Pergamon Press, Inc.}
}

@article{Walley91,
	author = {Peter Walley},
	year=1992,
	title = {Imprecise Probabilities}
}

@book {Theodoridis03,
	author    ="S. Theodoridis and Konstantinos Koutroumbas",
	title     ="Pattern Recognition",
	year      =2003,
	publisher ="Elsevier Science"
}

@manual{Automobile,
	title  = "Automobile Data Set",
	author = "J. Schlimmer",
	note   = "\url{https://archive.ics.uci.edu/ml/datasets/Automobile}",
	year   = "1987 (accessed November 8, 2016)"
}

@manual{fminbound,
	title = "SciPy fminbound",
	note = "\url{https://docs.scipy.org/doc/scipy/reference/generated/scipy.optimize.fminbound.html}",
	year = "2017 (accessed March 22, 2017)"
}

@book{Russell03,
	author = {Russell and Stuart J. and Norvig, Peter},
	title = {Artificial Intelligence: A Modern Approach},
	year = {2003},
	isbn = {0137903952},
	edition = {2},
	publisher = {Pearson Education},
}

@inproceedings{Lewis98,
	author = {Lewis, David D.},
	title = {Naive (Bayes) at Forty: The Independence Assumption in Information Retrieval},
	booktitle = {Proceedings of the 10th European Conference on Machine Learning},
	series = {ECML '98},
	year = {1998},
	isbn = {3-540-64417-2},
	pages = {4--15},
	numpages = {12},
	url = {http://dl.acm.org/citation.cfm?id=645326.649711},
	acmid = {649711},
	publisher = {Springer-Verlag},
	address = {London, UK},
}

@article{Maron60,
 author = {Maron, M. E. and Kuhns, J. L.},
 title = {On Relevance, Probabilistic Indexing and Information Retrieval},
 journal = {J. ACM},
 issue_date = {July 1960},
 volume = {7},
 number = {3},
 month = jul,
 year = {1960},
 issn = {0004-5411},
 pages = {216--244},
 numpages = {29},
 url = {http://doi.acm.org/10.1145/321033.321035},
 doi = {10.1145/321033.321035},
 acmid = {321035},
 publisher = {ACM},
 address = {New York, NY, USA},
} 

@article{Rish01,
	title       = "An Empirical Study of the Naïve Bayes Classifier",
	author      = "I. Rish",
	year        = 2001,
	institution = "T.J. Watson Research Center"
}

@article{Johnson12,
	author = {Brian Johnson and Ryutaro Tateishi and Zhixiao Xie },
	title = {Using geographically weighted variables for image classification},
	journal = {Remote Sensing Letters},
	volume = {3},
	number = {6},
	pages = {491-499},
	year = {2012},
	doi = {10.1080/01431161.2011.629637}
}

@article{Bernard04,
	title     = "An introduction to the imprecise Dirichlet model for multinomial data",
	author    = "J. Bernard",
	year      = 2004
}

@article{Walley96,
	title  ="Inferences from Multinomial Data: Learning about a Bag of Marbles",
	author ="P. Walley",
	year   =1996
}

@article{Dumitru09,
	author = "Diana Dumitru",
	title = "Prediction of recurrent events in breast cancer using the Naive Bayesian classification",
	year = 2009
}

@article{ Nigam98,
	author = "Kamal Nigam and Andrew McCallum and Sebastian Thrun and Tom Mitchell",
	title="Learning to Classify Text from Labeled and Unlabeled Document",
	year = 1998
}

@article{Ashari13,
	author="Ahmad Ashari and Iman Paryudi and A Min Tjoa",
	title="Performance Comparison between Naïve Bayes, Decision Tree and k-Nearest Neighbor in Searching Alternative Design in an Energy Simulation Tool",
	year= 2013
}

@book{Priddy05,
	title ="Artificial Neural Networks: An Introduction",
	author ="Kevin L. Priddy, Paul E. Keller",
	year= 2005,
	publisher = "SPIE Press"
}

@conference{Kohavi95,
	author = "R. Kohavi",
	title  = "A Study of Cross-Validation and Bootstrap for Accuracy Estimation and Model Selection",
	year   = 1995
}

@manual{Collins,
	author = "Michael Collins",
	title="The Naive Bayes Model, Maximum-Likelihood Estimation, and the EM Algorithm",
	note = "\url{http://www.cs.columbia.edu/~mcollins/em.pdf}"
}

@book{Berger85,
  author = {Berger, {James O.}},
  edition = {2. ed},
  isbn = {3540960988},
  publisher = {Springer},
  title = {Statistical decision theory and Bayesian analysis},
  year = 1985
}

@article{Stevens46,
	author = "Stevens, S.S.",
	title = "On the Theory of Scales of Measurement",
	year=1946,
	journal="Science",
	volume= {103},
	numer={2684},
	pages = {677--680}
}

@inproceedings{Frank01,
 author = {Frank, Eibe and Hall, Mark},
 title = {A Simple Approach to Ordinal Classification},
 booktitle = {Proceedings of the 12th European Conference on Machine Learning},
 series = {EMCL '01},
 year = {2001},
 isbn = {3-540-42536-5},
 pages = {145--156},
 numpages = {12},
 url = {http://dl.acm.org/citation.cfm?id=645328.649997},
 acmid = {649997},
 publisher = {Springer-Verlag},
 address = {London, UK, UK},
} 

@book{Laplace1812,
  	author = {Laplace, {Pierre-Simon}},
	publisher = {Courcier},
	timestamp = {2010-02-22T16:43:40.000+0100},
	title = {Théorie analytique des probabilités},
	year = 1812
}

@book{Keynes21,
  title={A Treatise on Probability},
  author={Keynes, J.M.},
  year={1921}
}

@conference{Antonucci11,
	author = "Alessandro Antonucci and Marco E. G. V. Cattaneo and Giorgio Corani",
	title = "Likelihood-Based Naive Credal Classifier",
	year = 2011,
	address= "Innsbruck",
	series = "7th International Symposium on Imprecise Probability: Theories and Applications"
}

@article{Zaffalon03,
	author = {Zaffalon, Marco and Wesnes, Keith and Petrini, Orlando},
	title = {Reliable Diagnoses of Dementia by the Naive Credal Classifier Inferred from Incomplete Cognitive Data},
	journal = {Artif. Intell. Med.},
	issue_date = {September, 2003},
	volume = {29},
	number = {1-2},
	month = sep,
	year = {2003},
	issn = {0933-3657},
	pages = {61--79},
	numpages = {19},
	publisher = {Elsevier Science Publishers Ltd.},
	address = {Essex, UK}
}

@article{Zaffalon02,
	author = {Marco Zaffalon},
	title="Credal Classification for Mining Environmental Data",
	year=2002
}

@article{Olinsky02,
	author="Alan Olinsky and Shaw Chen and Lisa Harlow",
	title="The comparative efficacy of imputation methods for missing data in structural equation modeling",
	year=2002
}

@article{Saar-Tsechansky07,
 author = {Saar-Tsechansky, Maytal and Provost, Foster},
 title = {Handling Missing Values when Applying Classification Models},
 journal = {J. Mach. Learn. Res.},
 issue_date = {12/1/2007},
 volume = {8},
 month = dec,
 year = {2007},
 issn = {1532-4435},
 pages = {1623--1657},
 numpages = {35},
 publisher = {JMLR.org},
} 