@conference{
    Zaffalon01,
	author = "M. Zaffalon",
	title  = "Statistical inference of the naive credal classifier",
	year   = "2001",
	address= "New York",
	series = "2nd International Symposium on Imprecise Probabilities and Their Applications, Ithaca"
}

@manual{
	Automobile,
	title  = "Automobile Data Set",
	author = "J. Schlimmer",
	note   = "\url{https://archive.ics.uci.edu/ml/datasets/Automobile}",
	year   = "1987 (accessed November 8, 2016)"
}

@book{
	laplace1812,
  	author = {Laplace, {Pierre-Simon}},
	publisher = {Courcier},
	timestamp = {2010-02-22T16:43:40.000+0100},
	title = {Théorie analytique des probabilités},
	year = 1812
}